<collection xmlns="http://www.loc.gov/MARC21/slim">
<record>
  <leader>01160nam0a22002411i 450 </leader>
  <controlfield tag="001">IT\ICCU\CNCE\032552</controlfield>
  <controlfield tag="005">19971213000000.0</controlfield>
  <datafield tag="012" ind1=" " ind2=" ">
    <subfield code="a">ioi, .2r- eui- sutu (3) 1581 (R)</subfield>
    <subfield code="2">fei</subfield>
  </datafield>
  <datafield tag="100" ind1=" " ind2=" ">
    <subfield code="a">19971213d1581        0itac0103    ba</subfield>
  </datafield>
  <datafield tag="101" ind1=" " ind2=" ">
    <subfield code="a">LAT</subfield>
  </datafield>
  <datafield tag="102" ind1=" " ind2=" ">
    <subfield code="a">IT</subfield>
  </datafield>
  <datafield tag="200" ind1="1" ind2=" ">
    <subfield code="a">Vita Christi ... a R. P. Ludolpho Saxone ... disposita ... A Io. Dadraeo ... multis notationibus illustratum, postrema hac veneta editiones innumeris mendis purgatum ...</subfield>
  </datafield>
  <datafield tag="210" ind1=" " ind2=" ">
    <subfield code="a">Venetiis</subfield>
    <subfield code="c">apud Guerraeos fratres &amp; Franciscum Zilettum</subfield>
    <subfield code="d">1581</subfield>
  </datafield>
  <datafield tag="215" ind1=" " ind2=" ">
    <subfield code="a">\20!, 767, \78! p.</subfield>
    <subfield code="c">ill.</subfield>
    <subfield code="d">fol</subfield>
  </datafield>
  <datafield tag="700" ind1=" " ind2="0">
    <subfield code="a">Ludolph</subfield>
    <subfield code="c"> : von#Sachsen</subfield>
    <subfield code="3">IT\ICCU\CNCA\003212</subfield>
  </datafield>
  <datafield tag="702" ind1=" " ind2="1">
    <subfield code="a">Dadr,̌</subfield>
    <subfield code="b">Jean</subfield>
    <subfield code="3">IT\ICCU\CNCA\004541</subfield>
  </datafield>
  <datafield tag="790" ind1=" " ind2="0">
    <subfield code="a">Landolfo</subfield>
    <subfield code="c"> : di#Sassonia</subfield>
    <subfield code="3">IT\ICCU\CNCA\014464</subfield>
    <subfield code="z">Ludolph : von#Sachsen</subfield>
  </datafield>
  <datafield tag="790" ind1=" " ind2="0">
    <subfield code="a">Ludolphus</subfield>
    <subfield code="c"> : Carthusiensis</subfield>
    <subfield code="3">IT\ICCU\CNCA\014580</subfield>
    <subfield code="z">Ludolph : von#Sachsen</subfield>
  </datafield>
  <datafield tag="790" ind1=" " ind2="0">
    <subfield code="a">Ludolphus</subfield>
    <subfield code="c"> : Saxo</subfield>
    <subfield code="3">IT\ICCU\CNCA\014581</subfield>
    <subfield code="z">Ludolph : von#Sachsen</subfield>
  </datafield>
  <datafield tag="790" ind1=" " ind2="0">
    <subfield code="a">Ludolphus</subfield>
    <subfield code="c"> : de#Saxonia</subfield>
    <subfield code="3">IT\ICCU\CNCA\014582</subfield>
    <subfield code="z">Ludolph : von#Sachsen</subfield>
  </datafield>
  <datafield tag="790" ind1=" " ind2="1">
    <subfield code="a">Dadraeus,</subfield>
    <subfield code="b">Iohannes</subfield>
    <subfield code="3">IT\ICCU\CNCA\007094</subfield>
    <subfield code="z">Dadr,̌ Jean</subfield>
  </datafield>
  <datafield tag="801" ind1=" " ind2="3">
    <subfield code="a">IT</subfield>
    <subfield code="b">ICCU</subfield>
    <subfield code="c">20201114</subfield>
  </datafield>
  <datafield tag="899" ind1=" " ind2=" ">
    <subfield code="a">Biblioteca universitaria. Genova</subfield>
    <subfield code="1">GE0038</subfield>
    <subfield code="2">LIG 01</subfield>
  </datafield>
</record>
</collection>
